<record><leader>00000cas a22000007a 4500</leader><controlfield tag="001">21224404</controlfield><controlfield tag="008">900316d19211923moucr ne      0    0eng d</controlfield><datafield ind1=" " ind2=" " tag="010"><subfield code="a">sn 90061322 </subfield></datafield><datafield ind1=" " ind2=" " tag="040"><subfield code="a">MQN</subfield><subfield code="b">eng</subfield><subfield code="c">MQN</subfield><subfield code="d">OCLCQ</subfield></datafield><datafield ind1=" " ind2=" " tag="042"><subfield code="a">msc</subfield></datafield><datafield ind1="0" ind2="4" tag="245"><subfield code="a">The Semi-weekly news and Monroe County star.</subfield></datafield><datafield ind1=" " ind2=" " tag="260"><subfield code="a">Monroe City, Mo. :</subfield><subfield code="b">Anna E. Nolen,</subfield><subfield code="c">1921-1923.</subfield></datafield><datafield ind1=" " ind2=" " tag="300"><subfield code="a">v.</subfield></datafield><datafield ind1=" " ind2=" " tag="310"><subfield code="a">Semiweekly</subfield></datafield><datafield ind1="0" ind2=" " tag="362"><subfield code="a">47th year, no. 96 (Dec. 9, 1921)-49th year, no. 65 (Aug. 17, 1923).</subfield></datafield><datafield ind1=" " ind2=" " tag="752"><subfield code="a">United States</subfield><subfield code="b">Missouri</subfield><subfield code="c">Monroe</subfield><subfield code="d">Monroe City.</subfield></datafield><datafield ind1="0" ind2="4" tag="780"><subfield code="t">Monroe County star</subfield></datafield><datafield ind1="0" ind2="4" tag="780"><subfield code="t">Semi-weekly news (Monroe City, Mo. : 1915)</subfield><subfield code="w">(DLC)sn 90061321</subfield></datafield><datafield ind1="0" ind2="0" tag="785"><subfield code="t">Monroe City news and Monroe County star</subfield><subfield code="w">(DLC)sn 90061323</subfield></datafield></record>